<marcxml:record xmlns:marcxml="http://www.loc.gov/MARC21/slim" xmlns:idx="info:lc/xq-modules/lcindex" xmlns:madsrdf="http://www.loc.gov/mads/rdf/v1#" xmlns:ri="http://id.loc.gov/ontologies/RecordInfo#" xmlns:xlink="http://www.w3.org/1999/xlink" xmlns:rdf="http://www.w3.org/1999/02/22-rdf-syntax-ns#" xmlns:mets="http://www.loc.gov/METS/" xmlns:semtriples="http://marklogic.com/semantic" xmlns:xsi="http://www.w3.org/2001/XMLSchema-instance" xmlns:streams="info:lc/streams#">
            <marcxml:leader>00572cz  a2200157n  4500</marcxml:leader>
            <marcxml:controlfield tag="001">sh85088723</marcxml:controlfield>
            <marcxml:controlfield tag="003">DLC</marcxml:controlfield>
            <marcxml:controlfield tag="005">20021202084701.0</marcxml:controlfield>
            <marcxml:controlfield tag="008">021113i| anannbabn          |a ana      </marcxml:controlfield>
            <marcxml:datafield tag="010" ind1=" " ind2=" ">
              <marcxml:subfield code="a">sh 85088723 </marcxml:subfield>
            </marcxml:datafield>
            <marcxml:datafield tag="040" ind1=" " ind2=" ">
              <marcxml:subfield code="a">DLC</marcxml:subfield>
              <marcxml:subfield code="c">DLC</marcxml:subfield>
              <marcxml:subfield code="d">DLC</marcxml:subfield>
            </marcxml:datafield>
            <marcxml:datafield tag="053" ind1=" " ind2="0">
              <marcxml:subfield code="a">AM</marcxml:subfield>
            </marcxml:datafield>
            <marcxml:datafield tag="150" ind1=" " ind2=" ">
              <marcxml:subfield code="a">Museums</marcxml:subfield>
            </marcxml:datafield>
            <marcxml:datafield tag="360" ind1=" " ind2=" ">
              <marcxml:subfield code="i">subdivision</marcxml:subfield>
              <marcxml:subfield code="a">Museums</marcxml:subfield>
              <marcxml:subfield code="i">under names of individual persons, families, and corporate bodies, individual wars and topical headings, e.g.</marcxml:subfield>
              <marcxml:subfield code="a">World War, 1939-1945--Museums; Harvard University--Museums;</marcxml:subfield>
              <marcxml:subfield code="i">and names of individual museums</marcxml:subfield>
            </marcxml:datafield>
            <marcxml:datafield tag="550" ind1=" " ind2=" ">
              <marcxml:subfield code="w">g</marcxml:subfield>
              <marcxml:subfield code="a">Public institutions</marcxml:subfield>
            </marcxml:datafield>
            <marcxml:datafield tag="550" ind1=" " ind2=" ">
              <marcxml:subfield code="a">Cabinets of curiosities</marcxml:subfield>
            </marcxml:datafield>
          </marcxml:record>
